<record xmlns="http://www.loc.gov/MARC21/slim" xmlns:xsi="http://www.w3.org/2001/XMLSchema-instance" xsi:schemaLocation="http://www.loc.gov/MARC21/slim http://www.loc.gov/standards/marcxml/schema/MARC21slim.xsd"><leader>00860cz   2200157n  4500</leader><controlfield tag="001">oca04654195 </controlfield><controlfield tag="005">19981121051651.4</controlfield><controlfield tag="008">980202n| acannaab|          |a aaa     c</controlfield><datafield ind1=" " ind2=" " tag="010"><subfield code="a">nr 98003748 </subfield></datafield><datafield ind1=" " ind2=" " tag="040"><subfield code="a">UPB</subfield><subfield code="c">UPB</subfield><subfield code="d">InU</subfield></datafield><datafield ind1="0" ind2=" " tag="100"><subfield code="a">Arethas,</subfield><subfield code="c">Archbishop of Caesarea (Cappadocia),</subfield><subfield code="d">ca. 860-ca. 940</subfield></datafield><datafield ind1="0" ind2=" " tag="400"><subfield code="a">Arethas Kaisareias,</subfield><subfield code="d">ca. 860-ca. 940</subfield></datafield><datafield ind1="0" ind2=" " tag="400"><subfield code="a">Arethas,</subfield><subfield code="c">of Caesarea, ca. 860-ca. 940</subfield></datafield><datafield ind1=" " ind2=" " tag="670"><subfield code="a">Exegesis tou en hagiois patros hemon Gregoriou tou theologou, 17th cent. [manuscript]</subfield><subfield code="b">(name not given: authorship of the text misattributed to Gregory of Nazianzus)</subfield></datafield><datafield ind1=" " ind2=" " tag="670"><subfield code="a">LC in RLIN, 2/1/98</subfield><subfield code="b">(hdg.: Arethas, Abp. of Caesarea (Cappadocia) ca. 860-ca. 940)</subfield></datafield><datafield ind1=" " ind2=" " tag="670"><subfield code="a">Aretha Kaisareias Scholia eis teÌ&#x84;n Porphyriou EisagoÌ&#x84;geÌ&#x84;n kai tas Aristotelous KateÌ&#x84;gorias = Arethas of Caesarea's Scholia on Porphyry's Isagoge and Aristotle's Categories, 1994.</subfield></datafield></record>